

@ARTICLE{Land2001-do,
  title       = "In what ways do eye movements contribute to everyday
                 activities?",
  author      = "Land, M F and Hayhoe, M",
  affiliation = "School of Biological Sciences, University of Sussex, BN1 9QG,
                 Brighton, UK. m.f.land@sussex.ac.uk",
  journal     = "Vision Res.",
  volume      =  41,
  number      = "25-26",
  pages       = "3559--3565",
  year        =  2001,
  url         = "https://www.ncbi.nlm.nih.gov/pubmed/11718795",
  language    = "en"
}


@ARTICLE{Montfoort2007-oa,
  title       = "Visual search deficits in {Williams-Beuren} syndrome",
  author      = "Montfoort, I and Frens, M A and Hooge, I Th C and Haselen, G C
                 Lagers-van and van der Geest, J N",
  affiliation = "Department of Neuroscience, Erasmus MC, Rotterdam, The
                 Netherlands.",
  journal     = "Neuropsychologia",
  volume      =  45,
  number      =  5,
  pages       = "931--938",
  month       =  mar,
  year        =  2007,
  url         = "http://dx.doi.org/10.1016/j.neuropsychologia.2006.08.022",
  language    = "en"
}

@ARTICLE{Hooge2013-bk,
  title       = "Scan path entropy and arrow plots: capturing scanning behavior
                 of multiple observers",
  author      = "Hooge, I and Camps, G",
  affiliation = "Department of Experimental Psychology, Faculty of Social
                 Sciences, Helmholtz Institute, Utrecht University Utrecht,
                 Netherlands.",
  journal     = "Front. Psychol.",
  volume      =  4,
  pages       = "996",
  month       =  dec,
  year        =  2013,
  url         = "http://dx.doi.org/10.3389/fpsyg.2013.00996",
  keywords    = "data visualization; entropy; eye-tracking; gaze-guidance;
                 scan-path",
  language    = "en"
}

@UNPUBLISHED{Voloh2019-oc,
  title    = "{MAD} saccade: statistically robust saccade threshold estimation",
  author   = "Voloh, B and Watson, M and K{\"o}nig, S and
              Womelsdorf, T",
  journal  = "PsyArXiv",
  month    =  dec,
  year     =  2019,
  url      = "https://osf.io/rzd6v",
  keywords = "eye tracking; free viewing; MAD; median absolute deviation;
              saccades"
}

@ARTICLE{Land2006-da,
  title       = "Eye movements and the control of actions in everyday life",
  author      = "Land, M F",
  affiliation = "Department of Biology and Environmental Science, University of
                 Sussex, Brighton BN1 9QG, UK. M.F.Land@sussex.ac.uk",
  journal     = "Prog. Retin. Eye Res.",
  publisher   = "Elsevier",
  volume      =  25,
  number      =  3,
  pages       = "296--324",
  month       =  may,
  year        =  2006,
  url         = "http://dx.doi.org/10.1016/j.preteyeres.2006.01.002",
  language    = "en"
}

@ARTICLE{Land2012-iv,
  title       = "The operation of the visual system in relation to action",
  author      = "Land, Michael F",
  affiliation = "School of Life Sciences, University of Sussex, Brighton, BN1
                 9QG, UK. m.f.land@sussex.ac.uk",
  journal     = "Curr. Biol.",
  volume      =  22,
  number      =  18,
  pages       = "R811--7",
  month       =  sep,
  year        =  2012,
  url         = "http://dx.doi.org/10.1016/j.cub.2012.06.049",
  language    = "en"
}

@ARTICLE{Land2001-do,
  title       = "In what ways do eye movements contribute to everyday
                 activities?",
  author      = "Land, M F and Hayhoe, M",
  affiliation = "School of Biological Sciences, University of Sussex, BN1 9QG,
                 Brighton, UK. m.f.land@sussex.ac.uk",
  journal     = "Vision Res.",
  volume      =  41,
  number      = "25-26",
  pages       = "3559--3565",
  year        =  2001,
  url         = "https://www.ncbi.nlm.nih.gov/pubmed/11718795",
  language    = "en"
}

@ARTICLE{Land2009-pp,
  title       = "Vision, eye movements, and natural behavior",
  author      = "Land, M F",
  affiliation = "Department of Biology and Environmental Science, University of
                 Sussex, Brighton, UK. m.f.land@sussex.ac.uk",
  journal     = "Vis. Neurosci.",
  volume      =  26,
  number      =  1,
  pages       = "51--62",
  month       =  jan,
  year        =  2009,
  url         = "http://dx.doi.org/10.1017/S0952523808080899",
  language    = "en"
}

@INCOLLECTION{Land2007-or,
  title     = "Chapter 4 - Fixation strategies during active behaviour: A brief
               history",
  booktitle = "Eye Movements",
  author    = "Land, M F",
  editor    = "Van Gompel, Roger P G and Fischer, Martin H and Murray, Wayne S
               and Hill, Robin L",
  publisher = "Elsevier",
  pages     = "75--95",
  month     =  jan,
  year      =  2007,
  url       = "http://www.sciencedirect.com/science/article/pii/B9780080449807500069",
  address   = "Oxford"
}
