% Generated by Paperpile. Check out https://paperpile.com for more information.
% BibTeX export options can be customized via Settings -> BibTeX.


@ARTICLE{ORegan2001-pd,
  title       = "A sensorimotor account of vision and visual consciousness",
  author      = "O'Regan, J K and No{\"e}, A",
  affiliation = "Laboratoire de Psychologie Exp{\'e}rimentale, Centre National
                 de Recherche Scientifique, Universit{\'e} Ren{\'e} Descartes,
                 92774 Boulogne Billancourt, France. oregan@ext.jussieu.fr",
  journal     = "The Behavioral and brain sciences",
  volume      =  24,
  number      =  5,
  pages       = "939--73; discussion 973--1031",
  month       =  oct,
  year        =  2001,
  url         = "http://dx.doi.org/10.1017/s0140525x01000115",
  language    = "en"
}


@ARTICLE{Gibson1977-zj,
  title     = "The theory of affordances",
  author    = "Gibson, James J",
  journal   = "Hilldale, USA",
  publisher = "books.google.com",
  volume    =  1,
  number    =  2,
  pages     = "67--82",
  year      =  1977,
  url       = "https://books.google.de/books?hl=en&lr=&id=b9WWAwAAQBAJ&oi=fnd&pg=PA56&dq=gibson+affordances&ots=KV0zDInpvb&sig=CLstE0926KI6mY6dz8K-RHEUbxk"
}


@ARTICLE{Herbort2011-hf,
  title       = "Habitual and goal-directed factors in (everyday) object
                 handling",
  author      = "Herbort, Oliver and Butz, Martin V",
  affiliation = "Department of Psychology, University of W{\"u}rzburg,
                 R{\"o}ntgenring 11, W{\"u}rzburg, Germany.
                 oliver.herbort@psychologie.uni-wuerzburg.de",
  journal     = "Experimental brain research. Experimentelle Hirnforschung.
                 Experimentation cerebrale",
  volume      =  213,
  number      =  4,
  pages       = "371--382",
  month       =  sep,
  year        =  2011,
  url         = "http://dx.doi.org/10.1007/s00221-011-2787-8",
  language    = "en"
}

@ARTICLE{Wilkinson1973-ex,
  title     = "Symbolic description of factorial models for analysis of
               variance",
  author    = "Wilkinson, G N and Rogers, C E",
  journal   = "Journal of the Royal Statistical Society. Series C, Applied
               statistics",
  publisher = "JSTOR",
  volume    =  22,
  number    =  3,
  pages     = "392",
  year      =  1973,
  url       = "https://www.jstor.org/stable/10.2307/2346786?origin=crossref"
}


@ARTICLE{Schad2018-av,
  title         = "How to capitalize on a priori contrasts in linear (mixed)
                   models: A tutorial",
  author        = "Schad, Daniel J and Vasishth, Shravan and Hohenstein, Sven
                   and Kliegl, Reinhold",
  month         =  jul,
  year          =  2018,
  url           = "http://arxiv.org/abs/1807.10451",
  archivePrefix = "arXiv",
  primaryClass  = "stat.ME",
  eprint        = "1807.10451"
}

@ARTICLE{Parada2020-qq,
  title       = "Perfect timing: Mobile brain/body imaging scaffolds the
                 4E-cognition research program",
  author      = "Parada, Francisco J and Rossi, Alejandra",
  affiliation = "Centro de Estudios en Neurociencia Humana y
                 Neuropsicolog{\'\i}a, Facultad de Psicolog{\'\i}a, Universidad
                 Diego Portales, Santiago, Chile. Laboratorio de Neurociencia
                 Cognitiva y Social, Facultad de Psicolog{\'\i}a, Universidad
                 Diego Portales, Santiago, Chile.",
  journal     = "The European journal of Neuroscience",
  month       =  may,
  year        =  2020,
  url         = "http://dx.doi.org/10.1111/ejn.14783",
  keywords    = "4E cognition; MoBI; complexity; emergence; naturalism",
  language    = "en"
}

@ARTICLE{Belardinelli2016-kf,
  title    = "It's in the eyes: Planning precise manual actions before
              execution",
  author   = "Belardinelli, Anna and Stepper, Madeleine Y and Butz, Martin V",
  journal  = "Journal of vision",
  volume   =  16,
  number   =  1,
  pages    = "18",
  year     =  2016,
  url      = "http://dx.doi.org/10.1167/16.1.18",
  keywords = "katie thesis;GTI",
  language = "en"
}

@ARTICLE{Pezzulo2021-te,
  title     = "The secret life of predictive brains: what's spontaneous
               activity for?",
  author    = "Pezzulo, G and Zorzi, M and Corbetta, M",
  journal   = "Trends in cognitive sciences",
  publisher = "Elsevier",
  year      =  2021,
  url       = "https://www.sciencedirect.com/science/article/pii/S1364661321001285"
}


@INCOLLECTION{Hoffmann2003-ur,
  title     = "Anticipatory Behavioral Control",
  booktitle = "Anticipatory Behavior in Adaptive Learning Systems: Foundations,
               Theories, and Systems",
  author    = "Hoffmann, Joachim",
  editor    = "Butz, Martin V and Sigaud, Olivier and G{\'e}rard, Pierre",
  publisher = "Springer Berlin Heidelberg",
  pages     = "44--65",
  year      =  2003,
  url       = "https://doi.org/10.1007/978-3-540-45002-3_4",
  address   = "Berlin, Heidelberg"
}


@ARTICLE{Czeszumski2021-fi,
  title   = "Coordinating With a Robot Partner Affects Neural Processing
             Related to Action Monitoring",
  author  = "Czeszumski, Artur and Gert, Anna L and Keshava, Ashima and
             Ghadirzadeh, Ali and Kalthoff, Tilman and Ehinger, Benedikt V and
             Tiessen, Max and Bj{\"o}rkman, M{\aa}rten and Kragic, Danica and
             K{\"o}nig, Peter",
  journal = "Frontiers in neurorobotics",
  volume  =  15,
  pages   = "102",
  year    =  2021,
  url     = "https://www.frontiersin.org/article/10.3389/fnbot.2021.686010"
}


@BOOK{Jeannerod2006-dt,
  title     = "Motor Cognition: What Actions Tell the Self",
  author    = "Jeannerod, Marc",
  publisher = "OUP Oxford",
  month     =  jun,
  year      =  2006,
  url       = "https://play.google.com/store/books/details?id=__IJnFPtwQoC",
  language  = "en"
}


@ARTICLE{Pezzulo2007-ot,
  title     = "Anticipation and anticipatory behavior",
  author    = "Pezzulo, Giovanni and Hoffmann, Joachim and Falcone, Rino",
  journal   = "Cognitive processing",
  publisher = "Springer",
  volume    =  8,
  number    =  2,
  pages     = "67--70",
  month     =  jun,
  year      =  2007,
  url       = "https://doi.org/10.1007/s10339-007-0173-z",
  language  = "en"
}


@ARTICLE{Ozana2018-ih,
  title       = "Grasping trajectories in a virtual environment adhere to
                 Weber's law",
  author      = "Ozana, Aviad and Berman, Sigal and Ganel, Tzvi",
  affiliation = "Department of Psychology, Ben-Gurion University of the Negev,
                 8410500, Beersheba, Israel. Department of Industrial
                 Engineering and Management, Ben-Gurion University of the
                 Negev, 8410500, Beersheba, Israel. Department of Psychology,
                 Ben-Gurion University of the Negev, 8410500, Beersheba,
                 Israel. tganel@bgu.ac.il.",
  journal     = "Experimental brain research. Experimentelle Hirnforschung.
                 Experimentation cerebrale",
  publisher   = "Springer",
  volume      =  236,
  number      =  6,
  pages       = "1775--1787",
  month       =  jun,
  year        =  2018,
  url         = "http://dx.doi.org/10.1007/s00221-018-5265-8",
  keywords    = "2D grasping; Grasping; Object perception.; Perception and
                 action; Virtual environment; Weber's law",
  language    = "en"
}


@ARTICLE{Wohlschlager2003-qe,
  title       = "Action generation and action perception in imitation: an
                 instance of the ideomotor principle",
  author      = "Wohlschl{\"a}ger, Andreas and Gattis, Merideth and Bekkering,
                 Harold",
  affiliation = "Department of Cognition and Action, Max Planck Institute for
                 Psychological Research, Amalienstrasse 33, D-80799 Munich,
                 Germany. wohlschlaeger@psy.mpg.de",
  journal     = "Philosophical transactions of the Royal Society of London.
                 Series B, Biological sciences",
  volume      =  358,
  number      =  1431,
  pages       = "501--515",
  month       =  mar,
  year        =  2003,
  url         = "http://dx.doi.org/10.1098/rstb.2002.1257",
  language    = "en"
}

@ARTICLE{Iacoboni2005-kw,
  title       = "Grasping the intentions of others with one's own mirror neuron
                 system",
  author      = "Iacoboni, Marco and Molnar-Szakacs, Istvan and Gallese,
                 Vittorio and Buccino, Giovanni and Mazziotta, John C and
                 Rizzolatti, Giacomo",
  affiliation = "Ahmanson-Lovelace Brain Mapping Center, Neuropsychiatric
                 Institute, David Geffen School of Medicine, University of
                 California, Los Angeles, California, USA.
                 iacoboni@loni.ucla.edu <iacoboni@loni.ucla.edu>",
  journal     = "PLoS biology",
  volume      =  3,
  number      =  3,
  pages       = "e79",
  month       =  mar,
  year        =  2005,
  url         = "http://dx.doi.org/10.1371/journal.pbio.0030079",
  language    = "en"
}


@ARTICLE{Belardinelli2018-xm,
  title       = "Mental space maps into the future",
  author      = "Belardinelli, Anna and Lohmann, Johannes and Farn{\`e},
                 Alessandro and Butz, Martin V",
  affiliation = "Cognitive Modeling, Department of Computer Science and
                 Department of Psychology, Faculty of Science, University of
                 T{\"u}bingen, Germany. Electronic address:
                 belardinelli@informatik.uni-tuebingen.de. Cognitive Modeling,
                 Department of Computer Science and Department of Psychology,
                 Faculty of Science, University of T{\"u}bingen, Germany.
                 Electronic address: johannes.lohmann@uni-tuebingen.de.
                 Integrative Multisensory Perception Action \& Cognition Team -
                 ImpAct, Lyon Neuroscience Research Center, INSERM U1028, CNRS
                 U5292, Lyon, France; Hospices Civils de Lyon, Neuro-immersion,
                 Lyon, France. Electronic address: alessandro.farne@inserm.fr.
                 Cognitive Modeling, Department of Computer Science and
                 Department of Psychology, Faculty of Science, University of
                 T{\"u}bingen, Germany. Electronic address:
                 martin.butz@uni-tuebingen.de.",
  journal     = "Cognition",
  volume      =  176,
  pages       = "65--73",
  month       =  jul,
  year        =  2018,
  url         = "http://dx.doi.org/10.1016/j.cognition.2018.03.007",
  keywords    = "Anticipatory behavioral control; Cross-modal congruency
                 paradigm; Event segmentation theory; Peripersonal space;
                 Theory of event coding",
  language    = "en"
}


@ARTICLE{Lohmann2019-fy,
  title       = "Hands Ahead in Mind and Motion: Active Inference in
                 Peripersonal Hand Space",
  author      = "Lohmann, Johannes and Belardinelli, Anna and Butz, Martin V",
  affiliation = "Cognitive Modeling, Department of Computer Science, Faculty of
                 Science, University of T{\"u}bingen, 72076 T{\"u}bingen,
                 Germany.",
  journal     = "Vision (Basel, Switzerland)",
  publisher   = "mdpi.com",
  volume      =  3,
  number      =  2,
  month       =  apr,
  year        =  2019,
  url         = "http://dx.doi.org/10.3390/vision3020015",
  keywords    = "crossmodal congruency; event-predictive cognition;
                 peripersonal space; virtual reality",
  language    = "en"
}


@ARTICLE{Flanagan2006-ql,
  title       = "Control strategies in object manipulation tasks",
  author      = "Flanagan, J Randall and Bowman, Miles C and Johansson, Roland
                 S",
  affiliation = "Department of Psychology, Centre for Neuroscience Studies,
                 Queen's University, Kingston, ON, K7L 3N6, Canada.",
  journal     = "Current opinion in neurobiology",
  volume      =  16,
  number      =  6,
  pages       = "650--659",
  month       =  dec,
  year        =  2006,
  url         = "http://dx.doi.org/10.1016/j.conb.2006.10.005",
  language    = "en"
}


@ARTICLE{Engel2013-bx,
  title       = "Where's the action? The pragmatic turn in cognitive science",
  author      = "Engel, Andreas K and Maye, Alexander and Kurthen, Martin and
                 K{\"o}nig, Peter",
  affiliation = "Department of Neurophysiology and Pathophysiology, University
                 Medical Center Hamburg-Eppendorf, 20246 Hamburg, Germany.
                 ak.engel@uke.de",
  journal     = "Trends in cognitive sciences",
  volume      =  17,
  number      =  5,
  pages       = "202--209",
  month       =  may,
  year        =  2013,
  url         = "http://dx.doi.org/10.1016/j.tics.2013.03.006",
  language    = "en"
}

@ARTICLE{Hayhoe2004-ni,
  title       = "Advances in Relating Eye Movements and Cognition",
  author      = "Hayhoe, Mary M",
  affiliation = "Department of Brain and Cognitive Sciences University of
                 Rochester.",
  journal     = "Infancy: the official journal of the International Society on
                 Infant Studies",
  volume      =  6,
  number      =  2,
  pages       = "267--274",
  month       =  sep,
  year        =  2004,
  url         = "http://dx.doi.org/10.1207/s15327078in0602_7",
  language    = "en"
}

@ARTICLE{Farne2005-ns,
  title       = "Shaping multisensory action-space with tools: evidence from
                 patients with cross-modal extinction",
  author      = "Farn{\`e}, Alessandro and Iriki, Atsushi and L{\`a}davas,
                 Elisabetta",
  affiliation = "Dipartimento di Psicologia, Universit{\`a} degli Studi di
                 Bologna, Viale Berti Pichat, 5-40127 Bologna, Italy.
                 alessandro.farne@unibo.it",
  journal     = "Neuropsychologia",
  volume      =  43,
  number      =  2,
  pages       = "238--248",
  month       =  jan,
  year        =  2005,
  url         = "http://dx.doi.org/10.1016/j.neuropsychologia.2004.11.010",
  language    = "en"
}

@INPROCEEDINGS{Keshava2020-cp,
  title     = "Decoding Task From Oculomotor Behavior In Virtual Reality",
  booktitle = "{ACM} Symposium on Eye Tracking Research and Applications",
  author    = "Keshava, Ashima and Aumeistere, Anete and Izdebski, Krzysztof
               and Konig, Peter",
  publisher = "Association for Computing Machinery",
  number    = "Article 30",
  pages     = "1--5",
  series    = "ETRA '20 Short Papers",
  month     =  jun,
  year      =  2020,
  url       = "https://doi.org/10.1145/3379156.3391338",
  address   = "New York, NY, USA",
  keywords  = "eye movements, virtual reality, task inference, support vector
               machines",
  location  = "Stuttgart, Germany"
}

@ARTICLE{Land2001-do,
  title       = "In what ways do eye movements contribute to everyday
                 activities?",
  author      = "Land, M F and Hayhoe, M",
  affiliation = "School of Biological Sciences, University of Sussex, BN1 9QG,
                 Brighton, UK. m.f.land@sussex.ac.uk",
  journal     = "Vision research",
  volume      =  41,
  number      = "25-26",
  pages       = "3559--3565",
  year        =  2001,
  url         = "http://dx.doi.org/10.1016/s0042-6989(01)00102-x",
  keywords    = "ET\_VR\_CubeAlignment;ErgoVR",
  language    = "en"
}

@UNPUBLISHED{Keshava2021-lk,
  title    = "Just-in-time: gaze guidance behavior while action planning and
              execution in {VR}",
  author   = "Keshava, Ashima and Nezami, Farbod Nosrat and Neumann, Henri and
              Izdebski, Krzysztof and Sch{\"u}ler, Thomas and K{\"o}nig, Peter",
  journal  = "bioRxiv",
  pages    = "2021.01.29.428782",
  month    =  feb,
  year     =  2021,
  url      = "https://www.biorxiv.org/content/10.1101/2021.01.29.428782v1.abstract",
  language = "en"
}

@ARTICLE{Belardinelli2016-xb,
  title       = "Anticipatory eye fixations reveal tool knowledge for tool
                 interaction",
  author      = "Belardinelli, Anna and Barabas, Marissa and Himmelbach, Marc
                 and Butz, Martin V",
  affiliation = "Cognitive Modeling, Department of Computer Science, Faculty of
                 Science, Eberhard Karls University of T{\"u}bingen, Sand 14,
                 72076, T{\"u}bingen, Germany. belardinelli@uni-tuebingen.de.
                 Division of Neuropsychology, Center for Neurology,
                 Hertie-Institute for Clinical Brain Research, Eberhard Karls
                 University of T{\"u}bingen, Hoppe-Seyler-Str. 3, 72076,
                 T{\"u}bingen, Germany. Cognitive Modeling, Department of
                 Computer Science, Faculty of Science, Eberhard Karls
                 University of T{\"u}bingen, Sand 14, 72076, T{\"u}bingen,
                 Germany. Department of Psychology, Faculty of Science,
                 Eberhard Karls University of T{\"u}bingen, Schleichstrasse 4,
                 72076, T{\"u}bingen, Germany.",
  journal     = "Experimental brain research. Experimentelle Hirnforschung.
                 Experimentation cerebrale",
  volume      =  234,
  number      =  8,
  pages       = "2415--2431",
  month       =  aug,
  year        =  2016,
  url         = "http://dx.doi.org/10.1007/s00221-016-4646-0",
  keywords    = "Anticipation; Eye movements; Sensorimotor/mechanical
                 knowledge; Tool use; Vision for action;katie thesis;GTI",
  language    = "en"
}

@ARTICLE{Maravita2002-sq,
  title       = "Tool-use changes multimodal spatial interactions between
                 vision and touch in normal humans",
  author      = "Maravita, Angelo and Spence, Charles and Kennett, Steffan and
                 Driver, Jon",
  affiliation = "Institute of Cognitive Neuroscience, University College,
                 London, UK. a.maravita@ucl.ac.uk",
  journal     = "Cognition",
  volume      =  83,
  number      =  2,
  pages       = "B25--34",
  month       =  mar,
  year        =  2002,
  url         = "http://dx.doi.org/10.1016/s0010-0277(02)00003-3",
  language    = "en"
}

@INCOLLECTION{Johnson2003-ee,
  title     = "From `acting on' to `acting with': the functional anatomy of
               object-oriented action schemata",
  booktitle = "Progress in Brain Research",
  author    = "Johnson, Scott H and Grafton, Scott T",
  publisher = "Elsevier",
  volume    =  142,
  pages     = "127--139",
  month     =  jan,
  year      =  2003,
  url       = "https://www.sciencedirect.com/science/article/pii/S0079612303420104"
}

@ARTICLE{Belardinelli2015-in,
  title       = "Goal-oriented gaze strategies afforded by object interaction",
  author      = "Belardinelli, Anna and Herbort, Oliver and Butz, Martin V",
  affiliation = "Computer Science Department, University of T{\"u}bingen,
                 Germany. Electronic address:
                 belardinelli@informatik.uni-tuebingen.de. Department of
                 Psychology, University of W{\"u}rzburg, Germany. Electronic
                 address: oliver.herbort@psychologie.uni-wuerzburg.de. Computer
                 Science Department, University of T{\"u}bingen, Germany.
                 Electronic address: butz@informatik.uni-tuebingen.de.",
  journal     = "Vision research",
  publisher   = "Elsevier",
  volume      =  106,
  pages       = "47--57",
  month       =  jan,
  year        =  2015,
  url         = "http://dx.doi.org/10.1016/j.visres.2014.11.003",
  keywords    = "Eye-hand coordination; Eye-tracking; Fixation distribution;
                 Movement preparation; Object interaction; Task-driven
                 perception;ET\_VR\_CubeAlignment;GTI",
  language    = "en"
}

@ARTICLE{Kroliczak2007-wo,
  title       = "What does the brain do when you fake it? An {FMRI} study of
                 pantomimed and real grasping",
  author      = "Kr{\'o}liczak, G and Cavina-Pratesi, C and Goodman, D A and
                 Culham, J C",
  affiliation = "Canadian Institutes of Health Research Group in Action and
                 Perception, Department of Psychology, University of Western
                 Ontario, London, Canada.",
  journal     = "Journal of neurophysiology",
  publisher   = "American Physiological Society",
  volume      =  97,
  number      =  3,
  pages       = "2410--2422",
  month       =  mar,
  year        =  2007,
  url         = "http://dx.doi.org/10.1152/jn.00778.2006",
  language    = "en"
}

@ARTICLE{Arbib2009-wa,
  title       = "Tool use and the distalization of the end-effector",
  author      = "Arbib, Michael A and Bonaiuto, James B and Jacobs,
                 St{\'e}phane and Frey, Scott H",
  affiliation = "Department of Computer Science and Neuroscience Graduate
                 Program, University of Southern California, Los Angeles, CA
                 90089-2520, USA. arbib@usc.edu",
  journal     = "Psychological research",
  volume      =  73,
  number      =  4,
  pages       = "441--462",
  month       =  jul,
  year        =  2009,
  url         = "http://dx.doi.org/10.1007/s00426-009-0242-2",
  language    = "en"
}

@ARTICLE{Parada2018-vf,
  title       = "Understanding Natural Cognition in Everyday Settings: 3
                 Pressing Challenges",
  author      = "Parada, Francisco J",
  affiliation = "Laboratorio de Neurociencia Cognitiva y Social, Facultad de
                 Psicolog{\'\i}a, Universidad Diego Portales, Santiago, Chile.",
  journal     = "Frontiers in human neuroscience",
  volume      =  12,
  pages       = "386",
  month       =  sep,
  year        =  2018,
  url         = "http://dx.doi.org/10.3389/fnhum.2018.00386",
  keywords    = "4E-cognition; epistemology; methodologic considerations;
                 mobile brain/body imaging (MoBI); natural cognition;GTI",
  language    = "en"
}

@ARTICLE{Henderson2017-it,
  title       = "Meaning-based guidance of attention in scenes as revealed by
                 meaning maps",
  author      = "Henderson, John M and Hayes, Taylor R",
  affiliation = "Department of Psychology, University of California, Davis, CA,
                 95618, USA. johnhenderson@ucdavis.edu. Center for Mind and
                 Brain, University of California, Davis, CA, 95618, USA.
                 johnhenderson@ucdavis.edu. Center for Mind and Brain,
                 University of California, Davis, CA, 95618, USA.",
  journal     = "Nature human behaviour",
  volume      =  1,
  number      =  10,
  pages       = "743--747",
  month       =  oct,
  year        =  2017,
  url         = "http://dx.doi.org/10.1038/s41562-017-0208-0",
  language    = "en"
}

@ARTICLE{Berti2000-ap,
  title       = "When far becomes near: remapping of space by tool use",
  author      = "Berti, A and Frassinetti, F",
  affiliation = "Dipartimento di Psicologia, Universit{\`a} di Torino, Italy.",
  journal     = "Journal of cognitive neuroscience",
  volume      =  12,
  number      =  3,
  pages       = "415--420",
  month       =  may,
  year        =  2000,
  url         = "http://dx.doi.org/10.1162/089892900562237",
  language    = "en"
}

@ARTICLE{Ladouce2016-li,
  title       = "Understanding Minds in {Real-World} Environments: Toward a
                 Mobile Cognition Approach",
  author      = "Ladouce, Simon and Donaldson, David I and Dudchenko, Paul A
                 and Ietswaart, Magdalena",
  affiliation = "Psychology, Faculty of Natural Sciences, University of
                 Stirling Stirling, UK.",
  journal     = "Frontiers in human neuroscience",
  publisher   = "frontiersin.org",
  volume      =  10,
  pages       = "694",
  year        =  2016,
  url         = "http://dx.doi.org/10.3389/fnhum.2016.00694",
  keywords    = "EEG; cognitive neuroscience; ecological validity; embodiment;
                 mobile brain imaging; situated cognition;GTI",
  language    = "en"
}

@ARTICLE{Herbort2012-ma,
  title       = "The continuous end-state comfort effect: weighted integration
                 of multiple biases",
  author      = "Herbort, Oliver and Butz, Martin V",
  affiliation = "Department of Psychology, University of W{\"u}rzburg,
                 R{\"o}ntgenring 11, 97070, W{\"u}rzburg, Germany.
                 oliver.herbort@psychologie.uni-wuerzburg.de",
  journal     = "Psychological research",
  volume      =  76,
  number      =  3,
  pages       = "345--363",
  month       =  may,
  year        =  2012,
  url         = "http://dx.doi.org/10.1007/s00426-011-0334-7",
  language    = "en"
}

@ARTICLE{Castelhano2009-px,
  title       = "Viewing task influences eye movement control during active
                 scene perception",
  author      = "Castelhano, Monica S and Mack, Michael L and Henderson, John M",
  affiliation = "Department of Psychology, Queen's University, Kingston, ON,
                 Canada. monica.castelhano@queensu.ca",
  journal     = "Journal of vision",
  publisher   = "iovs.arvojournals.org",
  volume      =  9,
  number      =  3,
  pages       = "6.1--15",
  month       =  mar,
  year        =  2009,
  url         = "http://dx.doi.org/10.1167/9.3.6",
  keywords    = "ET\_VR\_CubeAlignment",
  language    = "en"
}

@ARTICLE{Johnson-Frey2004-qk,
  title       = "The neural bases of complex tool use in humans",
  author      = "Johnson-Frey, Scott H",
  affiliation = "Center for Cognitive Neuroscience, Dartmouth College, 6162
                 Moore Hall, Hanover, NH 03755-3569, USA.
                 Scott.H.Johnson@Dartmouth.edu",
  journal     = "Trends in cognitive sciences",
  volume      =  8,
  number      =  2,
  pages       = "71--78",
  month       =  feb,
  year        =  2004,
  url         = "http://dx.doi.org/10.1016/j.tics.2003.12.002",
  language    = "en"
}

@ARTICLE{Niehorster2020-yq,
  title       = "The impact of slippage on the data quality of head-worn eye
                 trackers",
  author      = "Niehorster, Diederick C and Santini, Thiago and Hessels, Roy S
                 and Hooge, Ignace T C and Kasneci, Enkelejda and Nystr{\"o}m,
                 Marcus",
  affiliation = "Lund University Humanities Laboratory and Department of
                 Psychology, Lund University, Lund, Sweden.
                 diederick\_c.niehorster@humlab.lu.se. Human Computer
                 Interaction, University of T{\"u}bingen, T{\"u}bingen,
                 Germany. Experimental Psychology, Helmholtz Institute and
                 Developmental Psychology, Utrecht University, Utrecht, The
                 Netherlands. Experimental Psychology, Helmholtz Institute,
                 Utrecht University, Utrecht, The Netherlands. Lund University
                 Humanities Laboratory, Lund University, Lund, Sweden.",
  journal     = "Behavior research methods",
  volume      =  52,
  number      =  3,
  pages       = "1140--1160",
  month       =  jun,
  year        =  2020,
  url         = "http://dx.doi.org/10.3758/s13428-019-01307-0",
  keywords    = "Data quality; Eye movements; Head-mounted eye tracking; Mobile
                 eye tracking; Natural behavior; Wearable eye tracking",
  language    = "en"
}

@ARTICLE{Pelz2001-cn,
  title       = "Oculomotor behavior and perceptual strategies in complex tasks",
  author      = "Pelz, J B and Canosa, R",
  affiliation = "Center for Imaging Science, Rochester Institute of Technology,
                 54 Lomb Memorial Drive, Rochester, NY 14623, USA.
                 pelz@cis.rit.edu",
  journal     = "Vision research",
  volume      =  41,
  number      = "25-26",
  pages       = "3587--3596",
  year        =  2001,
  url         = "http://dx.doi.org/10.1016/s0042-6989(01)00245-0",
  language    = "en"
}

@ARTICLE{Johansson2001-sa,
  title       = "Eye-hand coordination in object manipulation",
  author      = "Johansson, R S and Westling, G and B{\"a}ckstr{\"o}m, A and
                 Flanagan, J R",
  affiliation = "Department of Integrative Medical Biology, Section for
                 Physiology, Ume{\aa} University, S-90187 Ume{\aa}, Sweden.
                 Roland.S.Johansson@physiol.umu.se",
  journal     = "The Journal of neuroscience: the official journal of the
                 Society for Neuroscience",
  publisher   = "Society for Neuroscience",
  volume      =  21,
  number      =  17,
  pages       = "6917--6932",
  month       =  sep,
  year        =  2001,
  url         = "https://www.jneurosci.org/lookup/doi/10.1523/JNEUROSCI.21-17-06917.2001",
  keywords    = "ErgoVR",
  language    = "en"
}

@ARTICLE{Luke2017-pz,
  title       = "Evaluating significance in linear mixed-effects models in {R}",
  author      = "Luke, Steven G",
  affiliation = "Department of Psychology, Brigham Young University, 1001
                 Spencer W. Kimball Tower, Provo, UT, 84602, USA.
                 steven\_luke@byu.edu.",
  journal     = "Behavior research methods",
  volume      =  49,
  number      =  4,
  pages       = "1494--1502",
  month       =  aug,
  year        =  2017,
  url         = "http://dx.doi.org/10.3758/s13428-016-0809-y",
  keywords    = "Linear mixed-effects models; Statistics; Type 1 error; lme4;
                 p-values",
  language    = "en"
}

@ARTICLE{Corbeil1976-qq,
  title     = "Restricted Maximum Likelihood ({REML}) Estimation of Variance
               Components in the Mixed Model",
  author    = "Corbeil, R R and Searle, S R",
  journal   = "Technometrics: a journal of statistics for the physical,
               chemical, and engineering sciences",
  publisher = "Taylor \& Francis",
  volume    =  18,
  number    =  1,
  pages     = "31--38",
  month     =  feb,
  year      =  1976,
  url       = "https://www.tandfonline.com/doi/abs/10.1080/00401706.1976.10489397"
}

@ARTICLE{Henderson2017-tx,
  title       = "Gaze Control as Prediction",
  author      = "Henderson, John M",
  affiliation = "Center for Mind and Brain and Department of Psychology,
                 University of California, Davis, 267 Cousteau Place, Davis,
                 CA, USA. Electronic address: johnhenderson@ucdavis.edu.",
  journal     = "Trends in cognitive sciences",
  publisher   = "Elsevier",
  volume      =  21,
  number      =  1,
  pages       = "15--23",
  month       =  jan,
  year        =  2017,
  url         = "http://dx.doi.org/10.1016/j.tics.2016.11.003",
  keywords    = "attention; eye movements; gaze; prediction; scene perception",
  language    = "en"
}

@ARTICLE{Hermsdorfer2012-ca,
  title       = "Tool use without a tool: kinematic characteristics of
                 pantomiming as compared to actual use and the effect of brain
                 damage",
  author      = "Hermsd{\"o}rfer, Joachim and Li, Yong and Randerath, Jennifer
                 and Goldenberg, Georg and Johannsen, Leif",
  affiliation = "Department of Sport and Health Science, Technische
                 Universit{\"a}t M{\"u}nchen, Georg-Brauchle-Ring 60/62, 80992,
                 Munich, Germany. Joachim.Hermsdoerfer@tum.de",
  journal     = "Experimental brain research. Experimentelle Hirnforschung.
                 Experimentation cerebrale",
  volume      =  218,
  number      =  2,
  pages       = "201--214",
  month       =  apr,
  year        =  2012,
  url         = "http://dx.doi.org/10.1007/s00221-012-3021-z",
  language    = "en"
}

@ARTICLE{Ehinger2019-xr,
  title       = "A new comprehensive eye-tracking test battery concurrently
                 evaluating the Pupil Labs glasses and the {EyeLink} 1000",
  author      = "Ehinger, Benedikt V and Gro{\ss}, Katharina and Ibs, Inga and
                 K{\"o}nig, Peter",
  affiliation = "Institute of Cognitive Science, Osnabr{\"u}ck University,
                 Osnabr{\"u}ck, Germany. Donders Institute for Brain, Cognition
                 and Behaviour, Radboud University, Nijmegen, Netherlands.
                 Department of Neurophysiology and Pathophysiology, University
                 Medical Center Hamburg-Eppendorf, Hamburg, Germany.",
  journal     = "PeerJ",
  volume      =  7,
  pages       = "e7086",
  month       =  jul,
  year        =  2019,
  url         = "http://dx.doi.org/10.7717/peerj.7086",
  keywords    = "Accuracy and precision; Blinks; Calibration decay; Eye-tracker
                 benchmark; EyeLink 1000; Head movements; Microsaccades; Pupil
                 Labs glasses; Pupil dilation; Smooth pursuit",
  language    = "en"
}

@ARTICLE{Voloh2020-nz,
  title       = "{MAD} saccade: statistically robust saccade threshold
                 estimation via the median absolute deviation",
  author      = "Voloh, Benjamin and Watson, Marcus R and K{\"o}nig, Seth and
                 Womelsdorf, Thilo",
  affiliation = "Vanderbilt University Nashville, USA. York University Toronto,
                 Canada.",
  journal     = "Journal of eye movement research",
  volume      =  12,
  number      =  8,
  month       =  may,
  year        =  2020,
  url         = "http://dx.doi.org/10.16910/jemr.12.8.3",
  keywords    = "MAD; Saccades; eye tracking; head-free viewing; median
                 absolute deviation",
  language    = "en"
}


@ARTICLE{Baumard2014-kv,
  title       = "Tool use disorders after left brain damage",
  author      = "Baumard, Josselin and Osiurak, Fran{\c c}ois and Lesourd,
                 Mathieu and Le Gall, Didier",
  affiliation = "Laboratoire de Psychologie des Pays de la Loire,
                 Universit{\'e} d'Angers Angers, France. Laboratoire d'Etude
                 des M{\'e}canismes Cognitifs, Institut de Psychologie,
                 Universit{\'e} Lyon 2 Bron, France. Laboratoire de Psychologie
                 des Pays de la Loire, Universit{\'e} d'Angers Angers, France ;
                 Unit{\'e} de Neuropsychologie, D{\'e}partement de Neurologie,
                 Centre Hospitalier Universitaire d'Angers Angers, France.",
  journal     = "Frontiers in psychology",
  volume      =  5,
  pages       = "473",
  month       =  may,
  year        =  2014,
  url         = "http://dx.doi.org/10.3389/fpsyg.2014.00473",
  keywords    = "apraxia; mechanical problem solving; pantomime; stroke; tool
                 use",
  language    = "en"
}
